<?xml version="1.0" encoding="UTF-8" ?>
<collection xmlns:xsi="http://www.w3.org/2001/XMLSchema-instance"
    xsi:schemaLocation="http://www.loc.gov/MARC21/slim
        http://www.loc.gov/standards/marcxml/schema/MARC21slim.xsd"
    xmlns="http://www.loc.gov/MARC21/slim">
<record>
  <leader>00232cam a2200433 i 4500</leader>
  <controlfield tag="001">b12932978</controlfield>
  <controlfield tag="003">LeBAU</controlfield>
  <controlfield tag="005">20200617</controlfield>
  <controlfield tag="008">990806s1921    ua            000 0 ara d</controlfield>
  <datafield tag="035" ind1=" " ind2=" ">
    <subfield code="a">ocn784528795</subfield>
  </datafield>
  <datafield tag="040" ind1=" " ind2=" ">
    <subfield code="a">LEAUB</subfield>
    <subfield code="b">ara</subfield>
    <subfield code="e">rda</subfield>
    <subfield code="c">LEAUB</subfield>
    <subfield code="d">LEAUB</subfield>
  </datafield>
  <datafield tag="082" ind1="0" ind2="4">
    <subfield code="a">892.7109</subfield>
    <subfield code="2">23</subfield>
  </datafield>
  <datafield tag="100" ind1="1" ind2=" ">
    <subfield code="6">880-01</subfield>
    <subfield code="a">Zawzanī, Ḥusayn ibn Aḥmad,</subfield>
    <subfield code="d">-1093 or 1094.</subfield>
    <subfield code="e">author.</subfield>
    <subfield code="0">http://id.loc.gov/authorities/names/nr90024498 ,</subfield>
  </datafield>
  <datafield tag="245" ind1="1" ind2="0">
    <subfield code="6">880-02</subfield>
    <subfield code="a">Kitāb Sharḥ al-Muʻallaqāt al-sabʻ /</subfield>
    <subfield code="c">li-Abī ʻAbd Allāh al-Ḥusayn bin Aḥmad bin al-Ḥusayn al-Zawzanī. Wa-yalīhi Muʻallaqāh / lil-Nābighah al-Dhibyānī. Wa-Muʻallaqāh / li-Aʻshá Bakr bin Wāʼil. Wa-qaṣīdatān lil-Nābighah ayḍan.</subfield>
  </datafield>
  <datafield tag="246" ind1="3" ind2="0">
    <subfield code="6">880-03</subfield>
    <subfield code="a">Sharḥ al-Muʻallaqāt al-sabʻ</subfield>
  </datafield>
  <datafield tag="264" ind1=" " ind2="1">
    <subfield code="6">880-04</subfield>
    <subfield code="a">Miṣr :</subfield>
    <subfield code="b">Maṭbaʻat al-Saʻādah,</subfield>
    <subfield code="c">1340 H. = 1921 M.</subfield>
  </datafield>
  <datafield tag="300" ind1=" " ind2=" ">
    <subfield code="6">880-05</subfield>
    <subfield code="a">214 pages ;</subfield>
    <subfield code="c">19 cm</subfield>
  </datafield>
  <datafield tag="336" ind1=" " ind2=" ">
    <subfield code="a">text</subfield>
    <subfield code="b">txt</subfield>
    <subfield code="2">rdacontent</subfield>
  </datafield>
  <datafield tag="337" ind1=" " ind2=" ">
    <subfield code="a">unmediated</subfield>
    <subfield code="b">n</subfield>
    <subfield code="2">rdamedia</subfield>
  </datafield>
  <datafield tag="338" ind1=" " ind2=" ">
    <subfield code="a">volume</subfield>
    <subfield code="b">nc</subfield>
    <subfield code="2">rdacarrier</subfield>
  </datafield>
  <datafield tag="500" ind1=" " ind2=" ">
    <subfield code="a">"احداهما في وصف إمرأة النعمان والثانية سترضيه بها، نُقلت تلك القصائد بشروحهن من الكتبخانة الخديوية وقوبلت على عدة نسخ ولعزتها وحسن رونقها ذيلنا بها المعلقات السبع تتميماً للفائدة."</subfield>
  </datafield>
  <datafield tag="630" ind1="2" ind2="4">
    <subfield code="a">المعلقات</subfield>
    <subfield code="x">تاريخ ونقد.</subfield>
  </datafield>
  <datafield tag="630" ind1="0" ind2="0">
    <subfield code="a">Muʻallaqāt</subfield>
    <subfield code="x">History and criticism.</subfield>
  </datafield>
  <datafield tag="700" ind1="0" ind2="2">
    <subfield code="6">880-06</subfield>
    <subfield code="a">Nābighah al-Dhubyānī,</subfield>
    <subfield code="d">active 6th century.</subfield>
    <subfield code="t">Muʻallaqah.</subfield>
  </datafield>
  <datafield tag="700" ind1="0" ind2="2">
    <subfield code="6">880-07</subfield>
    <subfield code="a">Bakr ibn Wāʼil.</subfield>
    <subfield code="t">Muʻallaqah.</subfield>
  </datafield>
  <datafield tag="775" ind1="0" ind2="8">
    <subfield code="6">880-08</subfield>
    <subfield code="i">دلالة على الطبعة</subfield>
    <subfield code="4">http://rdaregistry.info/Elements/m/P30133 :</subfield>
    <subfield code="a">Zawzanī, Ḥusayn ibn Aḥmad, -1093 or 1094.</subfield>
    <subfield code="t">Kitāb Sharḥ al-Muʻallaqāt al-sabʻ.</subfield>
    <subfield code="d">Miṣr : Maṭbaʻat al-Saʻādah, 1925</subfield>
    <subfield code="w">(LEAUB)b22047141</subfield>
  </datafield>
  <datafield tag="852" ind1=" " ind2=" ">
    <subfield code="a">Jafet Archives and Special Collections</subfield>
    <subfield code="e">American University of Beirut, Bliss Street, Beirut, Lebanon.</subfield>
  </datafield>
  <datafield tag="880" ind1="1" ind2=" ">
    <subfield code="6">100-01/(3/r</subfield>
    <subfield code="a">الزوزني، حسين بن أحمد،</subfield>
    <subfield code="d">-1093 او 1094،</subfield>
    <subfield code="0">http://id.loc.gov/authorities/names/nr90024498 ,</subfield>
    <subfield code="e">مؤلف. </subfield>
    <subfield code="4">aut.</subfield>
  </datafield>
  <datafield tag="880" ind1="1" ind2="0">
    <subfield code="6">245-02/(3/r</subfield>
    <subfield code="a">كتاب شرح المعلقات السبع /</subfield>
    <subfield code="c">لأبي عبد الله الحسين بن أحمد بن الحسين الزوزني. ويليه معلقة / للنابغة الذبياني. ومعلقة / لأعشى بكر بن وائل. وقصيدتان للنابغة أيضاً.</subfield>
  </datafield>
  <datafield tag="880" ind1="3" ind2="0">
    <subfield code="6">246-03/(3/r</subfield>
    <subfield code="a">شرح المعلقات السبع</subfield>
  </datafield>
  <datafield tag="880" ind1=" " ind2="1">
    <subfield code="6">264-04/(3/r</subfield>
    <subfield code="a">مصر :</subfield>
    <subfield code="b">مطبعة السعادة،</subfield>
    <subfield code="c">1340 هـ. = 1921 م.</subfield>
  </datafield>
  <datafield tag="880" ind1=" " ind2=" ">
    <subfield code="6">300-05/(3/r</subfield>
    <subfield code="a">214 صفحة ؛</subfield>
    <subfield code="c">19 سم</subfield>
  </datafield>
  <datafield tag="880" ind1="0" ind2="2">
    <subfield code="6">700-06/(3/r</subfield>
    <subfield code="a">النابغة الذبياني،</subfield>
    <subfield code="d">اشتهر في القرن 6.</subfield>
    <subfield code="t">المعلقة.</subfield>
  </datafield>
  <datafield tag="880" ind1="0" ind2="2">
    <subfield code="6">700-07/(3/r</subfield>
    <subfield code="a">بكر بن وائل.</subfield>
    <subfield code="t">المعلقة.</subfield>
  </datafield>
  <datafield tag="880" ind1="0" ind2="8">
    <subfield code="6">775-08/(3/rihas designation of edition</subfield>
    <subfield code="4">http://rdaregistry.info/Elements/m/P30133 :</subfield>
    <subfield code="a">الزوزني، حسين بن أحمد، -1093 او 1094.</subfield>
    <subfield code="t">كتاب شرح المعلقات السبع.</subfield>
    <subfield code="d">مصر : مطبعة السعادة، 1925</subfield>
    <subfield code="w">(LEAUB)b22047141</subfield>
  </datafield>
  <datafield tag="907" ind1=" " ind2=" ">
    <subfield code="a">.b12932978</subfield>
    <subfield code="b">20-06-30</subfield>
    <subfield code="c">11-05-24</subfield>
  </datafield>
  <datafield tag="907" ind1=" " ind2=" ">
    <subfield code="a">.b12932978</subfield>
    <subfield code="b">11-10-11</subfield>
    <subfield code="c">11-05-24</subfield>
  </datafield>
  <datafield tag="945" ind1=" " ind2=" ">
    <subfield code="f">CA</subfield>
    <subfield code="a">892.7109:Z39sLA</subfield>
    <subfield code="i">01037155</subfield>
    <subfield code="j">.i13548785</subfield>
    <subfield code="l">u0304</subfield>
  </datafield>
  <datafield tag="998" ind1=" " ind2=" ">
    <subfield code="a">u03</subfield>
    <subfield code="b">99-08-06</subfield>
    <subfield code="c">m</subfield>
    <subfield code="d">a  </subfield>
    <subfield code="e">-</subfield>
    <subfield code="f">ara</subfield>
    <subfield code="g">ua </subfield>
    <subfield code="h">0</subfield>
    <subfield code="i">1</subfield>
  </datafield>
</record>
</collection>
